<?xml version="1.0" encoding="UTF-8"?><collection xmlns="http://www.loc.gov/MARC21/slim"><record><leader>00561nam--2200193-u-4500</leader><controlfield tag="001">000051289</controlfield><controlfield tag="002">20161230</controlfield><controlfield tag="005">20170105232103</controlfield><controlfield tag="008">080613s1000------------r-----000-0-eng-d</controlfield><datafield ind1=" " ind2=" " tag="020"><subfield code="a">981-02-0279-2</subfield></datafield><datafield ind1=" " ind2=" " tag="040"><subfield code="a">OIFIN-HH</subfield></datafield><datafield ind1=" " ind2=" " tag="080"><subfield code="a">514.14</subfield></datafield><datafield ind1="1" ind2=" " tag="100"><subfield code="a">Randjbar-Daemi, S</subfield><subfield code="e">Ed</subfield></datafield><datafield ind1="1" ind2="0" tag="245"><subfield code="a">Tieste Conference on Recent Developments in Conformal Field Theories, ICTP, Trieste, Italy, October 2-4 1989</subfield></datafield><datafield ind1=" " ind2=" " tag="260"><subfield code="a">Singapore</subfield><subfield code="b">World Scientific</subfield><subfield code="c">1990</subfield></datafield><datafield ind1=" " ind2=" " tag="300"><subfield code="a">307 p</subfield></datafield><datafield ind1=" " ind2=" " tag="700"><subfield code="a">Sezgin, E</subfield><subfield code="e">Ed</subfield></datafield><datafield ind1=" " ind2=" " tag="852"><subfield code="a">79217</subfield><subfield code="c">515/516</subfield></datafield><datafield ind1=" " ind2=" " tag="CAT"><subfield code="a">SYS</subfield><subfield code="c">20170105</subfield><subfield code="h">232103</subfield></datafield></record></collection>